\usepackage{url}

@misc{rfc3875,
  author="D. Robinson and K. Coar",
  title="{The Common Gateway Interface (CGI) Version 1.1}",
  series="Request for Comments",
  number="3875",
  howpublished="RFC 3875 (Informational) \url{http://www.ietf.org/rfc/rfc3875.txt}",
  publisher="IETF",
  organization="Internet Engineering Task Force",
  year=2004,
  month=oct,
}

@misc{rfc4287,
  author="M. Nottingham and R. Sayre",
  title="{The Atom Syndication Format}",
  series="Request for Comments",
  number="4287",
  howpublished="RFC 4287 (Proposed Standard) \url{http://www.ietf.org/rfc/rfc4287.txt}",
  publisher="IETF",
  organization="Internet Engineering Task Force",
  year=2005,
  month=dec,
  note="Updated by RFC 5988"
}

@misc{pycgi,
  author = "{Python Software Foundation}",
  title = "cgi - Common Gateway Interface support",
  howpublished = "\url{http://docs.python.org/library/cgi.html}"
}

@misc{wsgi,
  author = "Phillip J. Eby",
  title = "{PEP} 333 - Python Web Server Gateway Interface v1.0",
  howpublished = "\url{http://www.python.org/dev/peps/pep-0333/}"
}

@misc{flask,
  author = "Armin Ronacher",
  title = "Flask - A Python Microframework",
  howpublished = "\url{http://flask.pocoo.org}"
}

@misc{werkzeug,
  author = "Armin Ronacher",
  title = "{Werkzeug - The Python WSGI Utility Library}",
  howpublished = "\url{http://werkzeug.pocoo.org}"
}

@misc{jinja,
  author = "Armin Ronacher",
  title = "Jinja - The Python Template Engine",
  howpublished = "\url{http://jinja.pocoo.org}"
}

@misc{flaskext,
  author = "Armin Ronacher",
  title = "Flask Extension Registry",
  howpublished = "\url{http://flask.pocoo.org/extensions}"
}

@misc{sqlalchemy,
  title = "{SQLAlchemy - The Python SQL Toolkit and Object Relational Mapper}",
  howpublished = "\url{http://www.sqlalchemy.org}"
}

@misc{wtforms,
  title = "{WTForms}",
  howpublished = "\url{http://wtforms.simplecodes.com}"
}

@misc{zenofpython,
  author = "Tim Peters",
  title = "PEP 20: The Zen of Python",
  howpublished = "\url{http://www.python.org/dev/peps/pep-0020/}"
}

@misc{poweredbyflask,
  author = "Armin Ronacher",
  title = "Powered By Flask",
  howpublished = "\url{http://flask.pocoo.org/community/poweredby/}"
}

@misc{web2py,
  title = "{web2py Web Framework}",
  howpublished = "\url{http://web2py.com}"
}

@misc{pythonwebframeworks,
  title = "{PythonInfo Wiki - WebFrameworks}",
  howpublished = "\url{http://wiki.python.org/moin/WebFrameworks}"
}

@misc{django,
  title = "{Django - The Web framework for perfectionists with deadlines}",
  howpublished = "\url{https://www.djangoproject.com}"
}
